This file was created with JabRef 2.2.
Encoding: MacRoman

@article{baumer2014r,
  title={R Markdown: Integrating a reproducible analysis tool into introductory statistics},
  author={Baumer, Ben and Cetinkaya-Rundel, Mine and Bray, Andrew and Loi, Linda and Horton, Nicholas J},
  journal={arXiv preprint arXiv:1402.1894},
  year={2014}
}
  
@Manual{pkgetl,
    title = {etl: Extract-Transform-Load Framework for Medium Data},
    author = {Ben Baumer},
    year = {2016},
    note = {R package version 0.3.4},
    howpublished = "\url{https://CRAN.R-project.org/package=etl}",
  }

@Manual{pkgdplyr,
    title = {dplyr: A Grammar of Data Manipulation},
    author = {Hadley Wickham and Romain Francois},
    year = {2016},
    note = {R package version 0.5.0},
    howpublished = "\url{https://CRAN.R-project.org/package=dplyr}",
  }
  
@Manual{pkgDBI,
    title = {DBI: R Database Interface},
    author = {{R Special Interest Group on Databases (R-SIG-DB)} and Hadley Wickham and Kirill MÃ¼ller},
    year = {2016},
    note = {R package version 0.5-1},
    howpublished = "\url{https://CRAN.R-project.org/package=DBI}",
  }
  
@Article{pkglubridate,
    title = {Dates and Times Made Easy with {lubridate}},
    author = {Garrett Grolemund and Hadley Wickham},
    journal = {Journal of Statistical Software},
    year = {2011},
    volume = {40},
    number = {3},
    pages = {1--25},
    howpublished = "\url{http://www.jstatsoft.org/v40/i03/}",
  }
  
@Manual{pkgleaflet,
    title = {leaflet: Create Interactive Web Maps with the JavaScript 'Leaflet' Library},
    author = {Joe Cheng and Yihui Xie},
    year = {2016},
    note = {R package version 1.0.2.9010},
    howpublished = "\url{http://rstudio.github.io/leaflet/}",
  }

@Book{pkgggplot2,
    author = {Hadley Wickham},
    title = {ggplot2: Elegant Graphics for Data Analysis},
    publisher = {Springer-Verlag New York},
    year = {2009},
    isbn = {978-0-387-98140-6},
    howpublished = "\url{http://ggplot2.org}",
  }
  
@Manual{pkgshiny,
    title = {shiny: Web Application Framework for R},
    author = {Winston Chang and Joe Cheng and JJ Allaire and Yihui Xie and Jonathan McPherson},
    year = {2017},
    note = {R package version 1.0.0},
    howpublished = "\url{https://CRAN.R-project.org/package=shiny}",
  }

@Manual{pkgdevtools,
    title = {devtools: Tools to Make Developing R Packages Easier},
    author = {Hadley Wickham and Winston Chang},
    year = {2016},
    note = {R package version 1.12.0},
    howpublished = "\url{https://CRAN.R-project.org/package=devtools}",
  }

@Manual{pkgnyctaxi,
    title = {nyctaxi: Accessing New York City Taxi Data},
    author = {Ben Baumer, Wencong Priscilla Li, and Trang Le},
    year = {2017},
    note = {R package version 0.0.1},
    howpublished = "\url{https://CRAN.R-project.org/package=nyctaxi}",
  }


@Manual{pkgRMySQL,
    title = {RMySQL: Database Interface and 'MySQL' Driver for R},
    author = {Jeroen Ooms, David James, Saikat DebRoy, Hadley Wickham, Jeffrey Horner},
    year = {2018},
    note = {R package version 0.10.14},
    howpublished = "\url{https://CRAN.R-project.org/package=RMySQL}",
  }
  
@Manual{pkgsp,
    title = {webshot: Take Screenshots of Web Pages},
    author = {Edzer Pebesma and Roger Bivand},
    year = {2018},
    note = {R package version 1.2-7},
    howpublished = "\url{https://CRAN.R-project.org/package=sp}",
  }
  
@Manual{pkgwebshot,
    title = {sp: Classes and Methods for Spatial Data},
    author = {Winston Chang},
    year = {2017},
    note = {R package version 0.5.0},
    howpublished = "\url{https://CRAN.R-project.org/package=webshot}",
  }

@Manual{pkghtmlwidgets,
    title = {htmlwidgets: HTML Widgets for R},
    author = {Ramnath Vaidyanathan, Yihui Xie, JJ Allaire, Joe Cheng, Kenton Russell},
    year = {2018},
    note = {R package version 1.0},
    howpublished = "\url{https://CRAN.R-project.org/package=htmlwidgets}",
  }

@Manual{pkgplotly,
    title = {plotly: Create Interactive Web Graphics via 'plotly.js'},
    author = {Carson Sievert, Chris Parmer, Toby Hocking, Scott Chamberlain, Karthik Ram, Marianne Corvellec, Pedro Despouy},
    year = {2017},
    note = {R package version 4.7.1},
    howpublished = "\url{https://CRAN.R-project.org/package=plotly}",
  }
  
@misc{wikipedia, 
  title={{E}xtract, transform, load}, 
  howpublished = "\url{https://en.wikipedia.org/wiki/Extract,_transform,_load}", 
  journal={Wikipedia}, 
  publisher={Wikimedia Foundation}, 
  year={2018}, 
  month={March}
}
  
@misc{reaney2009,
  title={{N}ew {Y}ork {D}rivers {N}amed {M}ost {A}ggressive, {A}ngry in U.S.},
  url={https://www.reuters.com/article/us-driving-roadrage-life/new-york-drivers-named-most-aggressive-angry-in-u-s-idUSTRE55F1J720090616},
  author={Patricia Reaney},
  publisher={Reuters},
  year={2009},
  month={June}
}
  
@book{book2017,
  author    = {Benjamin S Baumer, Daniel T Kaplan, Nicholas J Horton}, 
  title     = {{M}odern {D}ata {Science} with {R}},
  publisher = {CRC Press},
  year      = 2017,
  month     = 3,
  isbn      = {9781498724487}
}

@misc{sugar2017,
  title={{Uber} and {L}yft cars now outnumber yellow cabs in {NYC} 4 to 1},
  url={https://ny.curbed.com/2017/1/17/14296892/yellow-taxi-nyc-uber-lyft-via-numbers},
  author={Rachel Sugar},
  publisher={Curbed New York},
  year={2017},
  month={January}
}

@misc{cohen2016,
  title={{The} real reason for {New} {York} {C}ity's traffic nightmare},
  url={https://nypost.com/2016/12/02/new-york-citys-traffic-is-intentionally-horrible/},
  author={Shawn Cohen, Yoav Gonen, and Laura Italiano},
  publisher={New York Post},
  year={2016},
  month={December}
}

@misc{furfaro2016,
  title={NYC is already tired of Christmas and Donald Trump},
  url={https://nypost.com/2016/12/01/nyc-is-already-tired-of-christmas-and-donald-trump/},
  author={Danielle Furfaro, Shawn Cohen and Danika Fears},
  publisher={New York Post},
  year={2016},
  month={December}
}

@misc{schneider2015,
  title={{A}nalyzing 1.1 {B}illion {N}YC {T}axi and {U}ber {T}rips, with a {V}engeance},
  url={http://toddwschneider.com/posts/analyzing-1-1-billion-nyc-taxi-and-uber-trips-with-a-vengeance/},
  author={Todd W. Schneider},
  publisher={Todd W. Schneider},
  year={2015},
  month={November}
}

@misc{guerrini2015,
  title={{W}hich {I}s {C}heaper {T}o {U}se {I}n {N}YC: {U}ber {O}r {A} {T}axi? {B}ig {D}ata {W}ill {S}olve {T}he {D}ilemma},
  url={https://www.forbes.com/sites/federicoguerrini/2015/04/09/living-in-new-york-this-app-will-tell-you-which-is-cheaper-uber-or-a-taxi/2/#26bc29904023},
  author={Federico Guerrini},
  publisher={Forbes Tech},
  year={2015},
  month={April}
}

@misc{holmes2016,
  title={{F}inding {T}he {F}are: {A}n {U}ber {R}ecommendation {S}ystem},
  url={https://nycdatascience.com/blog/student-works/finding-fare-uber-recommendation-system/},
  author={Christian Holmes and Shuheng Li},
  publisher={NYC Data Science Academy},
  year={2016},
  month={September}
}


@misc{datayellow,
  title={{T}LC {T}rip {R}ecord {D}ata},
  url={http://www.nyc.gov/html/tlc/html/about/trip_record_data.shtml},
  publisher={NYC Taxi & Limousine Commission},
  year={2009}
}

@misc{datauber,
  title={{T}LC {T}rip {R}ecord {D}ata},
  url={http://www.nyc.gov/html/tlc/html/about/trip_record_data.shtml},
  publisher={NYC Taxi & Limousine Commission},
  year={2009}
}

@misc{datalyft,
  title={{L}YFT {D}ata},
  url={https://data.cityofnewyork.us/Transportation/LYFT-Data/juxc-sutg/data},
  publisher={NYC OpenData},
  year={2015}
}

@misc{datauberweek,
  title={{U}ber {T}rips {N}YC 2016},
  url={https://data.cityofnewyork.us/Transportation/Uber-Trips-NYC-2016/gt3n-7ri6/data},
  publisher={NYC OpenData},
  year={2015}
}

@misc{datauber,
  title={{U}ber {T}LC {F}OIL {R}esponse},
  url={https://github.com/fivethirtyeight/uber-tlc-foil-response},
  author={Andrei Scheinkman},
  publisher={FiveThirtyEight},
  year={2015},
  month={July}
}


